%% This BibTeX bibliography file was created using BibDesk.
%% http://bibdesk.sourceforge.net/

%% Created for Adrian Price-Whelan at 2016-09-08 21:38:30 -0400 


%% Saved with string encoding Unicode (UTF-8) 
@article{scikit-learn,
 title={Scikit-learn: Machine Learning in {P}ython},
 author={Pedregosa, F. and Varoquaux, G. and Gramfort, A. and Michel, V.
         and Thirion, B. and Grisel, O. and Blondel, M. and Prettenhofer, P.
         and Weiss, R. and Dubourg, V. and Vanderplas, J. and Passos, A. and
         Cournapeau, D. and Brucher, M. and Perrot, M. and Duchesnay, E.},
 journal={Journal of Machine Learning Research},
 volume={12},
 pages={2825--2830},
 year={2011}
}

@article{de-Zeeuw:1999aa,
	Author = {{de Zeeuw}, P.~T. and {Hoogerwerf}, R. and {de Bruijne}, J.~H.~J. and {Brown}, A.~G.~A. and {Blaauw}, A.},
	Journal = {\aj},
	Month = jan,
	Pages = {354-399},
	Title = {{A HIPPARCOS Census of the Nearby OB Associations}},
	Volume = 117,
	Year = 1999}


@article{Kharchenko:2016aa,
	Author = {{Kharchenko}, N.~V. and {Piskunov}, A.~E. and {Schilbach}, E. and {R{\"o}ser}, S. and {Scholz}, R.-D.},
	Journal = {\aap},
	Month = jan,
	Pages = {A101},
	Title = {{Global survey of star clusters in the Milky Way. V. Integrated JHK$_{S}$ magnitudes and luminosity functions}},
	Volume = 585,
	Year = 2016}


@article{Kharchenko:2013aa,
	Author = {{Kharchenko}, N.~V. and {Piskunov}, A.~E. and {Schilbach}, E. and {R{\"o}ser}, S. and {Scholz}, R.-D.},
	Journal = {\aap},
	Month = oct,
	Pages = {A53},
	Title = {{Global survey of star clusters in the Milky Way. II. The catalogue of basic parameters}},
	Volume = 558,
	Year = 2013}

@ARTICLE{2015A&A...574A.115M,
   author = {{Michalik}, D. and {Lindegren}, L. and {Hobbs}, D.},
    title = "{The Tycho-Gaia astrometric solution . How to get 2.5 million parallaxes with less than one year of Gaia data}",
  journal = {\aap},
archivePrefix = "arXiv",
   eprint = {1412.8770},
 primaryClass = "astro-ph.IM",
 keywords = {astrometry, methods: data analysis, methods: numerical, space vehicles: instruments, parallaxes, proper motions},
     year = 2015,
    month = feb,
   volume = 574,
      eid = {A115},
    pages = {A115},
      doi = {10.1051/0004-6361/201425310},
   adsurl = {http://adsabs.harvard.edu/abs/2015A%26A...574A.115M},
  adsnote = {Provided by the SAO/NASA Astrophysics Data System}
}

@ARTICLE{2000A&A...355L..27H,
   author = {{H{\o}g}, E. and {Fabricius}, C. and {Makarov}, V.~V. and {Urban}, S. and 
	{Corbin}, T. and {Wycoff}, G. and {Bastian}, U. and {Schwekendiek}, P. and 
	{Wicenec}, A.},
    title = "{The Tycho-2 catalogue of the 2.5 million brightest stars}",
  journal = {\aap},
 keywords = {ASTROMETRY, STARS: FUNDAMENTAL PARAMETERS, CATALOGS},
     year = 2000,
    month = mar,
   volume = 355,
    pages = {L27-L30},
   adsurl = {http://adsabs.harvard.edu/abs/2000A%26A...355L..27H},
  adsnote = {Provided by the SAO/NASA Astrophysics Data System}
}

@PROCEEDINGS{2007ASSL..350.....V,
    title = "{Hipparcos, the New Reduction of the Raw Data}",
booktitle = {Astrophysics and Space Science Library},
     year = 2007,
   series = {Astrophysics and Space Science Library},
   volume = 350,
   editor = {{van Leeuwen}, F.},
      doi = {10.1007/978-1-4020-6342-8},
   adsurl = {http://adsabs.harvard.edu/abs/2007ASSL..350.....V},
  adsnote = {Provided by the SAO/NASA Astrophysics Data System}
}

@ARTICLE{2016arXiv160904303L,
   author = {{Lindegren}, L. and {Lammers}, U. and {Bastian}, U. and {Hern{\'a}ndez}, J. and 
	{Klioner}, S. and {Hobbs}, D. and {Bombrun}, A. and {Michalik}, D. and 
	{Ramos-Lerate}, M. and {Butkevich}, A. and {Comoretto}, G. and 
	{Joliet}, E. and {Holl}, B. and {Hutton}, A. and {Parsons}, P. and 
	{Steidelm{\"u}ller}, H. and {Abbas}, U. and {Altmann}, M. and 
	{Andrei}, A. and {Anton}, S. and {Bach}, N. and {Barache}, C. and 
	{Becciani}, U. and {Berthier}, J. and {Bianchi}, L. and {Biermann}, M. and 
	{Bouquillon}, S. and {Bourda}, G. and {Br{\"u}semeister}, T. and 
	{Bucciarelli}, B. and {Busonero}, D. and {Carlucci}, T. and 
	{Casta{\~n}eda}, J. and {Charlot}, P. and {Clotet}, M. and {Crosta}, M. and 
	{Davidson}, M. and {de Felice}, F. and {Drimmel}, R. and {Fabricius}, C. and 
	{Fienga}, A. and {Figueras}, F. and {Fraile}, E. and {Gai}, M. and 
	{Garralda}, N. and {Geyer}, R. and {Gonz{\'a}lez-Vidal}, J.~J. and 
	{Guerra}, R. and {Hambly}, N.~C. and {Hauser}, M. and {Jordan}, S. and 
	{Lattanzi}, M.~G. and {Lenhardt}, H. and {Liao}, S. and {L{\"o}ffler}, W. and 
	{McMillan}, P.~J. and {Mignard}, F. and {Mora}, A. and {Morbidelli}, R. and 
	{Portell}, J. and {Riva}, A. and {Sarasso}, M. and {Serraller}, I. and 
	{Siddiqui}, H. and {Smart}, R. and {Spagna}, A. and {Stampa}, U. and 
	{Steele}, I. and {Taris}, F. and {Torra}, J. and {van Reeven}, W. and 
	{Vecchiato}, A. and {Zschocke}, S. and {de Bruijne}, J. and 
	{Gracia}, G. and {Raison}, F. and {Lister}, T. and {Marchant}, J. and 
	{Messineo}, R. and {Soffel}, M. and {Osorio}, J. and {de Torres}, A. and 
	{O'Mullane}, W.},
    title = "{Gaia Data Release 1: Astrometry - one billion positions, two million proper motions and parallaxes}",
  journal = {ArXiv e-prints},
archivePrefix = "arXiv",
   eprint = {1609.04303},
 keywords = {Astrophysics - Astrophysics of Galaxies, Astrophysics - Instrumentation and Methods for Astrophysics},
     year = 2016,
    month = sep,
   adsurl = {http://adsabs.harvard.edu/abs/2016arXiv160904303L},
  adsnote = {Provided by the SAO/NASA Astrophysics Data System}
}

@ARTICLE{2016arXiv160904172G,
   author = {{Gaia Collaboration} and {Brown}, A.~G.~A. and {Vallenari}, A. and 
	{Prusti}, T. and {de Bruijne}, J. and {Mignard}, F. and {Drimmel}, R. and 
	{co-authors}, 5.},
    title = "{Gaia Data Release 1. Summary of the astrometric, photometric, and survey properties}",
  journal = {ArXiv e-prints},
archivePrefix = "arXiv",
   eprint = {1609.04172},
 primaryClass = "astro-ph.IM",
 keywords = {Astrophysics - Instrumentation and Methods for Astrophysics},
     year = 2016,
    month = sep,
   adsurl = {http://adsabs.harvard.edu/abs/2016arXiv160904172G},
  adsnote = {Provided by the SAO/NASA Astrophysics Data System}
}

@article{Foreman-Mackey:2013,
	Adsnote = {Provided by the SAO/NASA Astrophysics Data System},
	Adsurl = {http://adsabs.harvard.edu/abs/2013PASP..125..306F},
	Archiveprefix = {arXiv},
	Author = {{Foreman-Mackey}, D. and {Hogg}, D.~W. and {Lang}, D. and {Goodman}, J.},
	Date-Added = {2016-09-09 01:37:58 +0000},
	Date-Modified = {2016-09-09 01:38:30 +0000},
	Doi = {10.1086/670067},
	Eprint = {1202.3665},
	Journal = {\pasp},
	Month = mar,
	Pages = {306-312},
	Primaryclass = {astro-ph.IM},
	Title = {{emcee: The MCMC Hammer}},
	Volume = 125,
	Year = 2013,
	Bdsk-Url-1 = {http://dx.doi.org/10.1086/670067}}

@misc{Foreman-Mackey:2013ascl,
	Adsnote = {Provided by the SAO/NASA Astrophysics Data System},
	Adsurl = {http://adsabs.harvard.edu/abs/2013ascl.soft03002F},
	Archiveprefix = {ascl},
	Author = {{Foreman-Mackey}, D. and {Conley}, A. and {Meierjurgen Farr}, W. and {Hogg}, D.~W. and {Long}, D. and {Marshall}, P. and {Price-Whelan}, A. and {Sanders}, J. and {Zuntz}, J.},
	Date-Added = {2016-09-09 01:37:34 +0000},
	Date-Modified = {2016-09-09 01:38:21 +0000},
	Eprint = {1303.002},
	Howpublished = {Astrophysics Source Code Library},
	Keywords = {Software},
	Month = mar,
	Title = {{emcee: The MCMC Hammer}},
	Year = 2013}

@article{Hunter:2007,
	Abstract = {Matplotlib is a 2D graphics package used for Python
  for application development, interactive scripting, and
  publication-quality image generation across user
  interfaces and operating systems.},
	Author = {Hunter, J. D.},
	Date-Added = {2016-09-09 01:36:14 +0000},
	Date-Modified = {2016-09-09 01:36:14 +0000},
	Journal = {Computing In Science \& Engineering},
	Number = {3},
	Pages = {90--95},
	Publisher = {IEEE COMPUTER SOC},
	Title = {Matplotlib: A 2D graphics environment},
	Volume = {9},
	Year = 2007}

@article{Perez:2007,
	Author = {P\'erez, Fernando and Granger, Brian E.},
	Date-Added = {2016-09-09 01:35:47 +0000},
	Date-Modified = {2016-09-09 01:35:52 +0000},
	Doi = {10.1109/MCSE.2007.53},
	Issn = {1521-9615},
	Journal = {Computing in Science and Engineering},
	Month = may,
	Number = {3},
	Pages = {21--29},
	Publisher = {IEEE Computer Society},
	Title = {{IP}ython: a System for Interactive Scientific Computing},
	Url = {http://ipython.org},
	Volume = {9},
	Year = 2007,
	Bdsk-Url-1 = {http://ipython.org},
	Bdsk-Url-2 = {http://dx.doi.org/10.1109/MCSE.2007.53}}

@article{Astropy-Collaboration:2013,
	Adsnote = {Provided by the SAO/NASA Astrophysics Data System},
	Adsurl = {http://adsabs.harvard.edu/abs/2013A%26A...558A..33A},
	Archiveprefix = {arXiv},
	Author = {{Astropy Collaboration} and {Robitaille}, T.~P. and {Tollerud}, E.~J. and {Greenfield}, P. and {Droettboom}, M. and {Bray}, E. and {Aldcroft}, T. and {Davis}, M. and {Ginsburg}, A. and {Price-Whelan}, A.~M. and {Kerzendorf}, W.~E. and {Conley}, A. and {Crighton}, N. and {Barbary}, K. and {Muna}, D. and {Ferguson}, H. and {Grollier}, F. and {Parikh}, M.~M. and {Nair}, P.~H. and {Unther}, H.~M. and {Deil}, C. and {Woillez}, J. and {Conseil}, S. and {Kramer}, R. and {Turner}, J.~E.~H. and {Singer}, L. and {Fox}, R. and {Weaver}, B.~A. and {Zabalza}, V. and {Edwards}, Z.~I. and {Azalee Bostroem}, K. and {Burke}, D.~J. and {Casey}, A.~R. and {Crawford}, S.~M. and {Dencheva}, N. and {Ely}, J. and {Jenness}, T. and {Labrie}, K. and {Lim}, P.~L. and {Pierfederici}, F. and {Pontzen}, A. and {Ptak}, A. and {Refsdal}, B. and {Servillat}, M. and {Streicher}, O.},
	Date-Added = {2016-09-09 01:34:49 +0000},
	Date-Modified = {2016-09-09 01:34:49 +0000},
	Doi = {10.1051/0004-6361/201322068},
	Eid = {A33},
	Eprint = {1307.6212},
	Journal = {\aap},
	Keywords = {methods: data analysis, methods: miscellaneous, virtual observatory tools},
	Month = oct,
	Pages = {A33},
	Primaryclass = {astro-ph.IM},
	Title = {{Astropy: A community Python package for astronomy}},
	Volume = 558,
	Year = 2013,
	Bdsk-Url-1 = {http://dx.doi.org/10.1051/0004-6361/201322068}}

@article{Nidever:2015,
	Adsnote = {Provided by the SAO/NASA Astrophysics Data System},
	Adsurl = {http://adsabs.harvard.edu/abs/2015AJ....150..173N},
	Archiveprefix = {arXiv},
	Author = {{Nidever}, D.~L. and {Holtzman}, J.~A. and {Allende Prieto}, C. and {Beland}, S. and {Bender}, C. and {Bizyaev}, D. and {Burton}, A. and {Desphande}, R. and {Fleming}, S.~W. and {Garc{\'{\i}}a P{\'e}rez}, A.~E. and {Hearty}, F.~R. and {Majewski}, S.~R. and {M{\'e}sz{\'a}ros}, S. and {Muna}, D. and {Nguyen}, D. and {Schiavon}, R.~P. and {Shetrone}, M. and {Skrutskie}, M.~F. and {Sobeck}, J.~S. and {Wilson}, J.~C.},
	Date-Added = {2016-09-08 23:58:02 +0000},
	Date-Modified = {2016-09-08 23:58:06 +0000},
	Doi = {10.1088/0004-6256/150/6/173},
	Eid = {173},
	Eprint = {1501.03742},
	Journal = {\aj},
	Keywords = {galaxies: abundances, galaxies: halos, galaxies: kinematics and dynamics, Local Group, methods: data analysis, techniques: image processing},
	Month = dec,
	Pages = {173},
	Primaryclass = {astro-ph.IM},
	Title = {{The Data Reduction Pipeline for the Apache Point Observatory Galactic Evolution Experiment}},
	Volume = 150,
	Year = 2015,
	Bdsk-Url-1 = {http://dx.doi.org/10.1088/0004-6256/150/6/173}}

@article{SDSS-Collaboration:2016,
	Adsnote = {Provided by the SAO/NASA Astrophysics Data System},
	Adsurl = {http://adsabs.harvard.edu/abs/2016arXiv160802013S},
	Archiveprefix = {arXiv},
	Author = {{SDSS Collaboration} and {Albareti}, F.~D. and {Allende Prieto}, C. and {Almeida}, A. and {Anders}, F. and {Anderson}, S. and {Andrews}, B.~H. and {Aragon-Salamanca}, A. and {Argudo-Fernandez}, M. and {Armengaud}, E. and et al.},
	Date-Added = {2016-09-08 23:49:27 +0000},
	Date-Modified = {2016-09-08 23:49:34 +0000},
	Eprint = {1608.02013},
	Journal = {ArXiv e-prints},
	Keywords = {Astrophysics - Astrophysics of Galaxies},
	Month = aug,
	Title = {{The Thirteenth Data Release of the Sloan Digital Sky Survey: First Spectroscopic Data from the SDSS-IV Survey MApping Nearby Galaxies at Apache Point Observatory}},
	Year = 2016}

@article{Van-der-Walt:2011,
	Author = {{Van der Walt}, {Stefan} and Colbert, S. Chris and Varoquaux, Gael},
	Date-Added = {2016-09-08 15:26:29 +0000},
	Date-Modified = {2016-09-09 01:32:29 +0000},
	Doi = {http://dx.doi.org/10.1109/MCSE.2011.37},
	Journal = {{Computing in Science \& Engineering}},
	Number = {2},
	Pages = {22-30},
	Title = {The NumPy Array: A Structure for Efficient Numerical Computation},
	Url = {http://scitation.aip.org/content/aip/journal/cise/13/2/10.1109/MCSE.2011.37},
	Volume = {13},
	Year = {2011},
	Bdsk-Url-1 = {http://scitation.aip.org/content/aip/journal/cise/13/2/10.1109/MCSE.2011.37},
	Bdsk-Url-2 = {http://dx.doi.org/10.1109/MCSE.2011.37}}

@article{Towns:2014,
	Address = {Los Alamitos, CA, USA},
	Author = {John Towns and Timothy Cockerill and Maytal Dahan and Ian Foster and Kelly Gaither and Andrew Grimshaw and Victor Hazlewood and Scott Lathrop and Dave Lifka and Gregory D. Peterson and Ralph Roskies and J. Ray Scott and Nancy Wilkens-Diehr},
	Date-Added = {2016-09-08 15:23:04 +0000},
	Date-Modified = {2016-09-08 15:23:04 +0000},
	Doi = {http://doi.ieeecomputersociety.org/10.1109/MCSE.2014.80},
	Issn = {1521-9615},
	Journal = {Computing in Science and Engineering},
	Number = {5},
	Pages = {62-74},
	Publisher = {IEEE Computer Society},
	Title = {XSEDE: Accelerating Scientific Discovery},
	Volume = {16},
	Year = {2014},
	Bdsk-Url-1 = {http://doi.ieeecomputersociety.org/10.1109/MCSE.2014.80}}

@inbook{Murray:2010,
	Adsnote = {Provided by the SAO/NASA Astrophysics Data System},
	Adsurl = {http://adsabs.harvard.edu/abs/2010exop.book...15M},
	Author = {{Murray}, C.~D. and {Correia}, A.~C.~M.},
	Booktitle = {Exoplanets},
	Date-Added = {2016-09-04 18:46:39 +0000},
	Date-Modified = {2016-09-04 18:51:56 +0000},
	Editor = {{Seager}, S.},
	Month = dec,
	Pages = {15-23},
	Title = {{Keplerian Orbits and Dynamics of Exoplanets}},
	Year = 2010}

@article{Troup:2016,
	Adsnote = {Provided by the SAO/NASA Astrophysics Data System},
	Adsurl = {http://adsabs.harvard.edu/abs/2016AJ....151...85T},
	Archiveprefix = {arXiv},
	Author = {{Troup}, N.~W. and {Nidever}, D.~L. and {De Lee}, N. and {Carlberg}, J. and {Majewski}, S.~R. and {Fernandez}, M. and {Covey}, K. and {Chojnowski}, S.~D. and {Pepper}, J. and {Nguyen}, D.~T. and {Stassun}, K. and {Nguyen}, D.~C. and {Wisniewski}, J.~P. and {Fleming}, S.~W. and {Bizyaev}, D. and {Frinchaboy}, P.~M. and {Garc{\'{\i}}a-Hern{\'a}ndez}, D.~A. and {Ge}, J. and {Hearty}, F. and {Meszaros}, S. and {Pan}, K. and {Allende Prieto}, C. and {Schneider}, D.~P. and {Shetrone}, M.~D. and {Skrutskie}, M.~F. and {Wilson}, J. and {Zamora}, O.},
	Date-Added = {2016-09-04 18:45:53 +0000},
	Date-Modified = {2016-09-04 18:51:56 +0000},
	Doi = {10.3847/0004-6256/151/3/85},
	Eid = {85},
	Eprint = {1601.00688},
	Journal = {\aj},
	Keywords = {binaries: close, binaries: spectroscopic, brown dwarfs, Galaxy: stellar content, planetary systems},
	Month = mar,
	Pages = {85},
	Primaryclass = {astro-ph.SR},
	Title = {{Companions to APOGEE Stars. I. A Milky Way-spanning Catalog of Stellar and Substellar Companion Candidates and Their Diverse Hosts}},
	Volume = 151,
	Year = 2016,
	Bdsk-Url-1 = {http://dx.doi.org/10.3847/0004-6256/151/3/85}}

@article{Majewski:2015,
	Adsnote = {Provided by the SAO/NASA Astrophysics Data System},
	Adsurl = {http://adsabs.harvard.edu/abs/2015arXiv150905420M},
	Archiveprefix = {arXiv},
	Author = {{Majewski}, S.~R. and {Schiavon}, R.~P. and {Frinchaboy}, P.~M. and {Allende Prieto}, C. and {Barkhouser}, R. and {Bizyaev}, D. and {Blank}, B. and {Brunner}, S. and {Burton}, A. and {Carrera}, R. and {Chojnowski}, S.~D. and {Cunha}, K. and {Epstein}, C. and {Fitzgerald}, G. and {Garcia Perez}, A.~E. and {Hearty}, F.~R. and {Henderson}, C. and {Holtzman}, J.~A. and {Johnson}, J.~A. and {Lam}, C.~R. and {Lawler}, J.~E. and {Maseman}, P. and {Meszaros}, S. and {Nelson}, M. and {Coung Nguyen}, D. and {Nidever}, D.~L. and {Pinsonneault}, M. and {Shetrone}, M. and {Smee}, S. and {Smith}, V.~V. and {Stolberg}, T. and {Skrutskie}, M.~F. and {Walker}, E. and {Wilson}, J.~C. and {Zasowski}, G. and {Anders}, F. and {Basu}, S. and {Beland}, S. and {Blanton}, M.~R. and {Bovy}, J. and {Brownstein}, J.~R. and {Carlberg}, J. and {Chaplin}, W. and {Chiappini}, C. and {Eisenstein}, D.~J. and {Elsworth}, Y. and {Feuillet}, D. and {Fleming}, S.~W. and {Galbraith-Frew}, J. and {Garcia}, R.~A. and {Anibal Garcia-Hernandez}, D. and {Gillespie}, B.~A. and {Girardi}, L. and {Gunn}, J.~E. and {Hasselquist}, S. and {Hayden}, M.~R. and {Hekker}, S. and {Ivans}, I. and {Kinemuchi}, K. and {Klaene}, M. and {Mahadevan}, S. and {Mathur}, S. and {Mosser}, B. and {Muna}, D. and {Munn}, J.~A. and {Nichol}, R.~C. and {O'Connell}, R.~W. and {Robin}, A.~C. and {Rocha-Pinto}, H. and {Schultheis}, M. and {Serenelli}, A.~M. and {Shane}, N. and {Silva Aguirre}, V. and {Sobeck}, J.~S. and {Thompson}, B. and {Troup}, N.~W. and {Weinberg}, D.~H. and {Zamora}, O.},
	Date-Added = {2016-09-04 18:45:32 +0000},
	Date-Modified = {2016-09-04 18:51:56 +0000},
	Eprint = {1509.05420},
	Journal = {ArXiv e-prints},
	Keywords = {Astrophysics - Instrumentation and Methods for Astrophysics, Astrophysics - Astrophysics of Galaxies},
	Month = sep,
	Primaryclass = {astro-ph.IM},
	Title = {{The Apache Point Observatory Galactic Evolution Experiment (APOGEE)}},
	Year = 2015}

@article{Kipping:2013,
	Adsnote = {Provided by the SAO/NASA Astrophysics Data System},
	Adsurl = {http://adsabs.harvard.edu/abs/2013MNRAS.434L..51K},
	Archiveprefix = {arXiv},
	Author = {{Kipping}, D.~M.},
	Date-Added = {2016-09-04 18:45:03 +0000},
	Date-Modified = {2016-09-04 18:51:56 +0000},
	Doi = {10.1093/mnrasl/slt075},
	Eprint = {1306.4982},
	Journal = {\mnras},
	Keywords = {methods: statistical, planets and satellites: general},
	Month = jul,
	Pages = {L51-L55},
	Primaryclass = {astro-ph.EP},
	Title = {{Parametrizing the exoplanet eccentricity distribution with the Beta distribution}},
	Volume = 434,
	Year = 2013,
	Bdsk-Url-1 = {http://dx.doi.org/10.1093/mnrasl/slt075}}

@article{Holtzman:2015,
	Adsnote = {Provided by the SAO/NASA Astrophysics Data System},
	Adsurl = {http://adsabs.harvard.edu/abs/2015AJ....150..148H},
	Archiveprefix = {arXiv},
	Author = {{Holtzman}, J.~A. and {Shetrone}, M. and {Johnson}, J.~A. and {Allende Prieto}, C. and {Anders}, F. and {Andrews}, B. and {Beers}, T.~C. and {Bizyaev}, D. and {Blanton}, M.~R. and {Bovy}, J. and {Carrera}, R. and {Chojnowski}, S.~D. and {Cunha}, K. and {Eisenstein}, D.~J. and {Feuillet}, D. and {Frinchaboy}, P.~M. and {Galbraith-Frew}, J. and {Garc{\'{\i}}a P{\'e}rez}, A.~E. and {Garc{\'{\i}}a-Hern{\'a}ndez}, D.~A. and {Hasselquist}, S. and {Hayden}, M.~R. and {Hearty}, F.~R. and {Ivans}, I. and {Majewski}, S.~R. and {Martell}, S. and {Meszaros}, S. and {Muna}, D. and {Nidever}, D. and {Nguyen}, D.~C. and {O'Connell}, R.~W. and {Pan}, K. and {Pinsonneault}, M. and {Robin}, A.~C. and {Schiavon}, R.~P. and {Shane}, N. and {Sobeck}, J. and {Smith}, V.~V. and {Troup}, N. and {Weinberg}, D.~H. and {Wilson}, J.~C. and {Wood-Vasey}, W.~M. and {Zamora}, O. and {Zasowski}, G.},
	Date-Added = {2016-09-04 18:44:13 +0000},
	Date-Modified = {2016-09-04 18:51:56 +0000},
	Doi = {10.1088/0004-6256/150/5/148},
	Eid = {148},
	Eprint = {1501.04110},
	Journal = {\aj},
	Keywords = {astronomical databases: miscellaneous, Galaxy: abundances, stars: abundances, surveys},
	Month = nov,
	Pages = {148},
	Title = {{Abundances, Stellar Parameters, and Spectra from the SDSS-III/APOGEE Survey}},
	Volume = 150,
	Year = 2015,
	Bdsk-Url-1 = {http://dx.doi.org/10.1088/0004-6256/150/5/148}}

@article{Eisenstein:2011,
	Adsnote = {Provided by the SAO/NASA Astrophysics Data System},
	Adsurl = {http://adsabs.harvard.edu/abs/2011AJ....142...72E},
	Archiveprefix = {arXiv},
	Author = {{Eisenstein}, D.~J. and {Weinberg}, D.~H. and {Agol}, E. and {Aihara}, H. and {Allende Prieto}, C. and {Anderson}, S.~F. and {Arns}, J.~A. and {Aubourg}, {\'E}. and {Bailey}, S. and {Balbinot}, E. and et al.},
	Date-Added = {2016-09-04 18:43:46 +0000},
	Date-Modified = {2016-09-04 18:51:56 +0000},
	Doi = {10.1088/0004-6256/142/3/72},
	Eid = {72},
	Eprint = {1101.1529},
	Journal = {\aj},
	Keywords = {cosmology: observations, Galaxy: evolution, planets and satellites: detection, surveys},
	Month = sep,
	Pages = {72},
	Primaryclass = {astro-ph.IM},
	Title = {{SDSS-III: Massive Spectroscopic Surveys of the Distant Universe, the Milky Way, and Extra-Solar Planetary Systems}},
	Volume = 142,
	Year = 2011,
	Bdsk-Url-1 = {http://dx.doi.org/10.1088/0004-6256/142/3/72}}

@article{Alam:2015,
	Adsnote = {Provided by the SAO/NASA Astrophysics Data System},
	Adsurl = {http://adsabs.harvard.edu/abs/2015ApJS..219...12A},
	Archiveprefix = {arXiv},
	Author = {{Alam}, S. and {Albareti}, F.~D. and {Allende Prieto}, C. and {Anders}, F. and {Anderson}, S.~F. and {Anderton}, T. and {Andrews}, B.~H. and {Armengaud}, E. and {Aubourg}, {\'E}. and {Bailey}, S. and et al.},
	Date-Added = {2016-09-04 18:43:15 +0000},
	Date-Modified = {2016-09-04 18:51:56 +0000},
	Doi = {10.1088/0067-0049/219/1/12},
	Eid = {12},
	Eprint = {1501.00963},
	Journal = {\apjs},
	Keywords = {atlases, catalogs, surveys},
	Month = jul,
	Pages = {12},
	Primaryclass = {astro-ph.IM},
	Title = {{The Eleventh and Twelfth Data Releases of the Sloan Digital Sky Survey: Final Data from SDSS-III}},
	Volume = 219,
	Year = 2015,
	Bdsk-Url-1 = {http://dx.doi.org/10.1088/0067-0049/219/1/12}}

@book{Kepler:1609,
	Adsnote = {Provided by the SAO/NASA Astrophysics Data System},
	Adsurl = {http://adsabs.harvard.edu/abs/1609anov.book.....K},
	Author = {{Kepler}, J.},
	Booktitle = {(Pragae) 1609},
	Date-Added = {2016-09-04 18:42:02 +0000},
	Date-Modified = {2016-09-04 18:51:56 +0000},
	Keywords = {ASTRONOMY: EARLY WORKS TO 1800},
	Title = {{Astronomia nova.}},
	Year = 1609}
